@online{telegram,
	title = {Telegram},
	url = {https://telegram.org/},
}

@online{mosquitto,
	title = {Mosquitto MQTT-Server},
	url = {https://mosquitto.org/},
}

@online{jinja,
	title = {Jinja},
	url = {https://palletsprojects.com/p/jinja/},
}

@online{pyparsing,
	title = {Pyparsing},
	url = {https://pyparsing-docs.readthedocs.io},
}

@online{ff,
	title = {Metric-FF},
	url = {https://fai.cs.uni-saarland.de/hoffmann/metric-ff.html},
}
@online{vue,
	title = {vue.js},
	url = {https://vuejs.org/},
}
@online{vue-mqtt,
	title = {vue-mqtt},
	url = {https://www.npmjs.com/package/vue-mqtt},
}

@online{dht11,
	title = {DHT11},
	url = {https://github.com/adafruit/Adafruit\_Python\_DHT},
}
@online{led-matrix,
	title = {LED-Matrix},
	url = {https://github.com/rm-hull/luma.led\_matrix},
}
